<?xml version="1.0" encoding="UTF-8"?><collection xmlns="http://www.loc.gov/MARC21/slim"><record><leader>00451nam--2200145-i-4500</leader><controlfield tag="001">000024595</controlfield><controlfield tag="002">20161230</controlfield><controlfield tag="005">20161230201035</controlfield><controlfield tag="008">060222s1000------------r-----000-0-eng-d</controlfield><datafield ind1=" " ind2=" " tag="080"><subfield code="a">681.335.2</subfield></datafield><datafield ind1=" " ind2=" " tag="100"><subfield code="a">Hodges, David A. And Jackson, Horace G</subfield></datafield><datafield ind1=" " ind2=" " tag="245"><subfield code="a">Analysis and design of digital integrated circuits</subfield></datafield><datafield ind1=" " ind2=" " tag="260"><subfield code="a">Singapore, Mcgraw-hill Book Company, 1983, Xiii + 434p</subfield></datafield><datafield ind1=" " ind2=" " tag="490"><subfield code="a">Mcgraw-hill Series In Electrical Engineering</subfield></datafield><datafield ind1=" " ind2=" " tag="852"><subfield code="a">73183</subfield></datafield></record></collection>